% motivation

@misc{ EFF_DES_cracker,
   author = "Wikipedia",
   title = "{EFF DES cracker} --- {W}ikipedia{,} The Free Encyclopedia",
   year = "2017",
   howpublished = {\url{http://en.wikipedia.org/w/index.php?title=EFF%20DES%20cracker&oldid=733831486}},
   note = "[Online; accessed 29-January-2017]"
 }

@misc{ Advanced_Encryption_Standard,
   author = "Wikipedia",
   title = "{Advanced Encryption Standard} --- {W}ikipedia{,} The Free Encyclopedia",
   year = "2017",
   howpublished = {\url{http://en.wikipedia.org/w/index.php?title=Advanced%20Encryption%20Standard&oldid=760970688}},
   note = "[Online; accessed 29-January-2017]"
 }

@misc{ Shor,
   author = "Wikipedia",
   title = "{Shor's algorithm} --- {W}ikipedia{,} The Free Encyclopedia",
   year = "2017",
   howpublished = {\url{http://en.wikipedia.org/w/index.php?title=Shor's%20algorithm&oldid=759584308}},
   note = "[Online; accessed 29-January-2017]"
 }

%%%%%%%%%%%%%%%%%%%%%%%%%%%%%%%%%%%%%%%%%%%%%%%%%%%%%%%%%%%%
% overview

@misc{ Cryptosystem,
   author = "Wikipedia",
   title = "{Cryptosystem} --- {W}ikipedia{,} The Free Encyclopedia",
   year = "2017",
   howpublished = {\url{http://en.wikipedia.org/w/index.php?title=Cryptosystem&oldid=708378805}},
   note = "[Online; accessed 29-January-2017]"
 }

@misc{ RSA,
   author = "Wikipedia",
   title = "{RSA (cryptosystem)} --- {W}ikipedia{,} The Free Encyclopedia",
   year = "2017",
   howpublished = {\url{http://en.wikipedia.org/w/index.php?title=RSA%20(cryptosystem)&oldid=762416482}},
   note = "[Online; accessed 29-January-2017]"
 }
