@Manual{gmp,
  title = "{GNU} {M}ultiple {P}recision {A}rithmetic {L}ibrary",
  author = "Torbjorn Granlund and {the GMP development team}",
  edition = "6.1.2",
  year = 2016,
  note = "\url{http://gmplib.org/}"
}

@book{make,
 author = {Stallman, Richard M. and McGrath, Roland and Smith, Paul D.},
 title = {GNU Make: a Program for Directing Recompilation, for Version 3.81},
 year = {2004},
 isbn = {1882114833},
 publisher = {Free Software Foundation},
}
