@misc{ EFF_DES_cracker,
   author = "Wikipedia",
   title = "{EFF DES cracker} --- {W}ikipedia{,} The Free Encyclopedia",
   year = "2017",
   howpublished = {\url{http://en.wikipedia.org/w/index.php?title=EFF%20DES%20cracker&oldid=733831486}},
   note = "[Online; accessed 29-January-2017]"
 }

@misc{ Advanced_Encryption_Standard,
   author = "Wikipedia",
   title = "{Advanced Encryption Standard} --- {W}ikipedia{,} The Free Encyclopedia",
   year = "2017",
   howpublished = {\url{http://en.wikipedia.org/w/index.php?title=Advanced%20Encryption%20Standard&oldid=760970688}},
   note = "[Online; accessed 29-January-2017]"
 }

@misc{ Shor,
   author = "Wikipedia",
   title = "{Shor's algorithm} --- {W}ikipedia{,} The Free Encyclopedia",
   year = "2017",
   howpublished = {\url{http://en.wikipedia.org/w/index.php?title=Shor's%20algorithm&oldid=759584308}},
   note = "[Online; accessed 29-January-2017]"
 }

@misc{ Cryptosystem,
   author = "Wikipedia",
   title = "{Cryptosystem} --- {W}ikipedia{,} The Free Encyclopedia",
   year = "2017",
   howpublished = {\url{http://en.wikipedia.org/w/index.php?title=Cryptosystem&oldid=708378805}},
   note = "[Online; accessed 29-January-2017]"
 }

@misc{ RSA,
   author = "Wikipedia",
   title = "{RSA (cryptosystem)} --- {W}ikipedia{,} The Free Encyclopedia",
   year = "2017",
   howpublished = {\url{http://en.wikipedia.org/w/index.php?title=RSA%20(cryptosystem)&oldid=762416482}},
   note = "[Online; accessed 29-January-2017]"
 }

@article{charm,
  year={2013},
  issn={2190-8508},
  journal={Journal of Cryptographic Engineering},
  volume={3},
  number={2},
  doi={10.1007/s13389-013-0057-3},
  title={Charm: a framework for rapidly prototyping cryptosystems},
  url={http://dx.doi.org/10.1007/s13389-013-0057-3},
  publisher={Springer-Verlag},
  keywords={Applied cryptography; Protocols; Software; Privacy},
  author={Akinyele, Joseph A. and Garman, Christina and Miers, Ian
          and Pagano, Matthew W. and Rushanan, Michael
          and Green, Matthew and Rubin, Aviel D.},
  pages={111-128},
}

@Manual{gmp,
  title = "{GNU} {M}ultiple {P}recision {A}rithmetic {L}ibrary",
  author = "Torbjorn Granlund and {the GMP development team}",
  edition = "6.1.2",
  year = 2016,
  note = "\url{http://gmplib.org/}"
}

@book{make,
 author = {Stallman, Richard M. and McGrath, Roland and Smith, Paul D.},
 title = {GNU Make: a Program for Directing Recompilation, for Version 3.81},
 year = {2004},
 isbn = {1882114833},
 publisher = {Free Software Foundation},
}
